@book{
	unix,
	author="Ю. Вахалия",
	title="UNIX изнутри",
}

@book{
	wind,
	author="М. Руссинович Д. Соломон",
	title="Внутреннее устройство Microsoft Windows",
}
